@misc{SHAP,
  doi = {10.48550/ARXIV.1705.07874},
  
  url = {https://arxiv.org/abs/1705.07874},
  
  author = {Lundberg, Scott and Lee, Su-In},
  
  keywords = {Artificial Intelligence (cs.AI), Machine Learning (cs.LG), Machine Learning (stat.ML), FOS: Computer and information sciences, FOS: Computer and information sciences},
  
  title = {A Unified Approach to Interpreting Model Predictions},
  
  publisher = {arXiv},
  
  year = {2017},
  
  copyright = {arXiv.org perpetual, non-exclusive license}
}
@misc{SAGE,
  doi = {10.48550/ARXIV.2004.00668},
  
  url = {https://arxiv.org/abs/2004.00668},
  
  author = {Covert, Ian and Lundberg, Scott and Lee, Su-In},
  
  keywords = {Machine Learning (cs.LG), Machine Learning (stat.ML), FOS: Computer and information sciences, FOS: Computer and information sciences},
  
  title = {Understanding Global Feature Contributions With Additive Importance Measures},
  
  publisher = {arXiv},
  
  year = {2020},
  
  copyright = {arXiv.org perpetual, non-exclusive license}
}

@misc{covert_shap_sage,
    author = {Covert, Ian},
    title = {Understanding SHAP and SAGE},
    year = {2020},
    howpublished = {\url{https://iancovert.com/blog/understanding-shap-sage/}}
}

@article{shapley_value_1953,
    title={A Value for n-Person Games},
    author={Shapley, Lloyd},
    journal={Contributions to the Theory of Games},
    volume={2},
    pages={307--317},
    year={1953}
}
@misc{sage_paper,
  doi = {10.48550/ARXIV.2004.00668},
  
  url = {https://arxiv.org/abs/2004.00668},
  
  author = {Covert, Ian and Lundberg, Scott and Lee, Su-In},
  
  keywords = {Machine Learning (cs.LG), Machine Learning (stat.ML), FOS: Computer and information sciences, FOS: Computer and information sciences},
  
  title = {Understanding Global Feature Contributions With Additive Importance Measures},
  
  publisher = {arXiv},
  
  year = {2020},
  
  copyright = {arXiv.org perpetual, non-exclusive license}
}


@article{kambeitz2016using,
  title={Using deep learning to investigate the neuroimaging correlates of psychiatric and neurological disorders: Methods and application},
  author={Kambeitz-Ilankovic, Lana and Riesenhuber, Maximilian and Kambeitz, Joseph and Rijntjes, Michel and Stelzer, Johannes and Siedentopf, Christian and Kasper, Siegfried and Gschwandtner, Ute and Lanzenberger, Rupert and Luef, G{\"u}nter},
  journal={Frontiers in Psychiatry},
  volume={7},
  pages={61},
  year={2016},
  publisher={Frontiers Media S.A.},
}

@misc{tikz,
  author    = {Till Tantau},
  title     = {The {PGF/TikZ} Manual},
  year      = {2021},
  url       = {https://ctan.org/pkg/pgf},
}
@misc{morde_vishal_nodate,
title={XGBoost Algorithm: Long She May Rein},
url={https://towardsdatascience.com/xgboost-algorithm-long-she-may-rein-edd9f99be63d},
author={Morde, Vishal},
note={Downloaded January 2023.}
}
@article{Mehta_2019,
	doi = {10.1016/j.physrep.2019.03.001},
  
	url = {https://doi.org/10.1016%2Fj.physrep.2019.03.001},
  
	year = 2019,
	month = {may},
  
	publisher = {Elsevier {BV}
},
  
	volume = {810},
  
	pages = {1--124},
  
	author = {Pankaj Mehta and Marin Bukov and Ching-Hao Wang and Alexandre G.R. Day and Clint Richardson and Charles K. Fisher and David J. Schwab},
  
	title = {A high-bias, low-variance introduction to Machine Learning for physicists},
  
	journal = {Physics Reports}
}
@misc{ephem,
  author = {Rhodes, Brandon},
  title = {Ephem},
  year = {2021},
  note = {\url{https://pypi.org/project/ephem/}},
  version = {4.0.0.0}
}
@software{pandas,
    author       = {The pandas development team},
    title        = {pandas-dev/pandas: Pandas},
    month        = jan,
    year         = {2023},
    publisher    = {Zenodo},
    version      = {1.1.5},
    doi          = {10.5281/zenodo.3509134},
    url          = {https://doi.org/10.5281/zenodo.3509134}
}
@misc{altaz_schematic,
  title = {Azimuth-Altitude Schematic},
  author = {Tomruen},
  year = {2011},
  url = {https://en.wikipedia.org/wiki/Horizontal_coordinate_system},
  note = {Accessed: March 13, 2023}
}
@misc{radio_telescope_gif,
  title = {Radio Telescope},
  author = {John Sahr},
  year = {2003},
  url = {http://abyss.uoregon.edu/~js/glossary/radio_telescope.html},
  note = {Accessed: March 13, 2023}
}
@manual{tpoint_manual,
  title = {TPOINT},
  year = {2009},
  organization = {Tpoint Software},
  note = {Version 13.5}
}

@article{backprop_original,
  title={Learning representations by back-propagating errors},
  author={Rumelhart, David E and Hinton, Geoffrey E and Williams, Ronald J},
  journal={Nature},
  volume={323},
  number={6088},
  pages={533--536},
  year={1986},
  publisher={Nature Publishing Group},
  doi={10.1038/323533a0}
}

@ARTICLE{universal_approximation,
  author={Tianping Chen and Hong Chen},
  journal={IEEE Transactions on Neural Networks}, 
  title={Universal approximation to nonlinear operators by neural networks with arbitrary activation functions and its application to dynamical systems}, 
  year={1995},
  volume={6},
  number={4},
  pages={911-917},
  doi={10.1109/72.392253}}

